@article{drumond,
  author =       "Jorge Drumond Silva",
  title =        "{Ondas e Dispersões}",
  pages =        "7--13",
  year =         "2009",
  DOI =          "https://www.math.tecnico.ulisboa.pt/~lgodin/Seminario/Seminario_Matematica.pdf",
  keywords =     "fourier transform"
}

@book{djairo, 
    author =    "Djairo Guedes de Figueiredo",
    title =     {Análise de Fourier e Equações Diferenciais Parciais},
    year =       {1977},
    publisher=  "Instituto de Matemática Pura e Aplicações",
    keywords=   "Fourier analysis"
}

@book{maggie,
    author = "Magalhães, Luís T.",
    title={Métodos de Resolução de Equações Diferenciais com Aplicações},
    DOI={https://www.math.tecnico.ulisboa.pt/~lmagal/TEEDCap8.pdf},
    year={2013}, 
    keywords= "differential equations"
}
@book{maggie2,
    author = "Magalhães, Luís T.",
    title={Integrais Múltiplos},
    year={1993}, 
    publisher= "Texto Editora",
    keywords= "integral"
}